@book{levinson2018metropolitan,
  title={Metropolitan land use and transport: Planning for Place and Plexus},
  author={Levinson, David M and Krizek, Kevin J},
  year={2018},
  publisher={Routledge},
  doi={10.4324/9781315684482}
}

@book{litman2017evaluating,
  title={Evaluating accessibility for transport planning},
  author={Litman, Todd},
  year={2017},
  publisher={Victoria Transport Policy Institute},
  URL={http://www.vtpi.org/access.pdf}
}

@misc{OECD2017linking,
  title={Linking People and Places },
  author={OECD,International Transport Forum},
  year={2017},
  publisher={ITF},
  URL={https://www.itf-oecd.org/linking-people-and-places}
}

@article{handy2018enough,
  title={Enough with the “Ds” Already—Let’s Get Back to “A”},
  author={Handy, Susan},
  publisher={Transfers Magazine},
  year={2018},
  URL={https://transfersmagazine.org/enough-with-the-ds-already-lets-get-back-to-a/}
}

@article{hansen1959accessibility,
  title={How accessibility shapes land use},
  author={Hansen, Walter G},
  journal={Journal of the American Institute of planners},
  volume={25},
  number={2},
  pages={73--76},
  year={1959},
  publisher={Taylor \& Francis}
}

@article{proffitt2019accessibility,
  title={Accessibility planning in American metropolitan areas: Are we there yet?},
  author={Proffitt, David G and Bartholomew, Keith and Ewing, Reid and Miller, Harvey J},
  journal={Urban Studies},
  volume={56},
  number={1},
  pages={167--192},
  year={2019},
  publisher={SAGE Publications Sage UK: London, England}
}

@article{boisjoly2017insider,
  title={The insider: A planners' perspective on accessibility},
  author={Boisjoly, Genevi{\`e}ve and El-Geneidy, Ahmed M},
  journal={Journal of Transport Geography},
  volume={64},
  pages={33--43},
  year={2017},
  publisher={Elsevier}
}

@article{boisjoly2017get,
  title={How to get there? A critical assessment of accessibility objectives and indicators in metropolitan transportation plans},
  author={Boisjoly, Genevi{\`e}ve and El-Geneidy, Ahmed M},
  journal={Transport Policy},
  volume={55},
  pages={38--50},
  year={2017},
  publisher={Elsevier}
}

@article{bopp2015examining,
  title={Examining the link between public transit use and active commuting},
  author={Bopp, Melissa and Gayah, Vikash and Campbell, Matthew},
  journal={International journal of environmental research and public health},
  volume={12},
  number={4},
  pages={4256--4274},
  year={2015},
  publisher={Multidisciplinary Digital Publishing Institute},
  doi={10.3390/ijerph120404256}
}

@article{cervero1997travel,
  title={Travel demand and the 3Ds: Density, diversity, and design},
  author={Cervero, Robert and Kockelman, Kara},
  journal={Transportation Research Part D: Transport and Environment},
  volume={2},
  number={3},
  pages={199--219},
  year={1997},
  publisher={Elsevier}
}

@article{ewing2001travel,
  title={Travel and the built environment: a synthesis},
  author={Ewing, Reid and Cervero, Robert},
  journal={Transportation research record},
  volume={1780},
  number={1},
  pages={87--114},
  year={2001},
  publisher={SAGE Publications Sage CA: Los Angeles, CA}
}

@article{cervero1997paradigm,
  title={Paradigm shift: from automobility to accessibility planning},
  author={Cervero, Robert},
  journal={Urban Futures (Canberra)},
  number={22},
  pages={9},
  year={1997},
  publisher={Housing and Urban Policy Section of the Dept. of Industry, Technology and~…}
}

@book{casella2002statistical,
  title={Statistical inference},
  author={Casella, George and Berger, Roger L},
  volume={2},
  year={2002},
  publisher={Duxbury Pacific Grove, CA}
}

@article{lyons2016guidance,
  title={Guidance for transport planning and policymaking in the face of an uncertain future},
  author={Lyons, Glenn and Davidson, Cody},
  journal={Transportation Research Part A: Policy and Practice},
  volume={88},
  pages={104--116},
  year={2016},
  publisher={Elsevier}
}

@inproceedings{jones2009role,
  title={The role of an evolving paradigm in shaping international transport research and policy agendas over the last 50 years},
  author={Jones, Peter},
  booktitle={Proceedings of the XII International Association for Travel Behaviour Research Conference (iatbr2009. asu. edu)},
  volume={3},
  pages={34},
  year={2009},
  organization={Travel behaviour research in an evolving world}
}

@misc{zhang2017life,
  title={Life-oriented travel behavior research: An overview},
  author={Zhang, Junyi and Van Acker, Veronique},
  year={2017},
  publisher={Elsevier}
}

@article{welch2016long,
  title={Long-term impact of network access to bike facilities and public transit stations on housing sales prices in Portland, Oregon},
  author={Welch, Timothy F and Gehrke, Steven R and Wang, Fangru},
  journal={Journal of Transport Geography},
  volume={54},
  pages={264--272},
  year={2016},
  publisher={Elsevier},
  doi={10.1016/j.jtrangeo.2016.06.016}
}

@article{liu2017impact,
  title={Impact of bike facilities on residential property prices},
  author={Liu, Jenny H and Shi, Wei},
  journal={Transportation research record},
  volume={2662},
  number={1},
  pages={50--58},
  year={2017},
  publisher={SAGE Publications Sage CA: Los Angeles, CA},
  doi={10.3141/2662-06}
}

@article{chen1998measuring,
  title={Measuring the impact of light rail systems on single-family home values: A hedonic approach with geographic information system application},
  author={Chen, Hong and Rufolo, Anthony and Dueker, Kenneth J},
  journal={Transportation Research Record},
  volume={1617},
  number={1},
  pages={38--43},
  year={1998},
  publisher={SAGE Publications Sage CA: Los Angeles, CA},
  doi={10.3141/1617-05}
}


@incollection{Muller2017transportation,
	title = {Transportation and urban form},
	isbn = {978-1-4625-2967-4},
	url = {https://books.google.com/books?id=J3GnDQAAQBAJ},
	booktitle = {The {Geography} of {Urban} {Transportation}, {Fourth} {Edition}},
	publisher = {Guilford Publications},
	author = {Muller, Peter O.},
	editor = {Giuliano, G. and Hanson, S.},
	pages = {57--85},
	year = {2017}
}

# week4

@article{ganeshan2005introduction,
  title={An introduction to supply chain management. http},
  author={Ganeshan, R and Harrison, TP},
  journal={http://lcm.csa.iisc.ernet.in/scm/supply_chain_intro.html},
  year={2005}
}

@book{fujita2001spatial,
  title={The spatial economy: Cities, regions, and international trade},
  author={Fujita, Masahisa and Krugman, Paul R and Venables, Anthony J},
  year={2001},
  publisher={MIT press}
}

@article{alonso1960theory,
  title={A theory of the urban land market},
  author={Alonso, William},
  journal={Papers in Regional Science},
  volume={6},
  number={1},
  pages={149--157},
  year={1960},
  publisher={Wiley Online Library}
}

@article{zipf1949human,
  title={Human behavior and the principle of least effort.},
  author={Zipf, George Kingsley},
  year={1949},
  publisher={addison-wesley press}
}

@book{losch1967economics,
  title={The economics of location},
  author={L{\"o}sch, August},
  year={1967},
  publisher={New York, John Wiley}
}

@book{christaller1966central,
  title={Central places in southern Germany},
  author={Christaller, Walter},
  year={1966},
  publisher={Prentice Hall}
}

@inproceedings{zuk2015gentrification,
  title={Gentrification, displacement and the role of public investment: a literature review},
  author={Zuk, Miriam and Bierbaum, Ariel H and Chapple, Karen and Gorska, Karolina and Loukaitou-Sideris, Anastasia and Ong, Paul and Thomas, Trevor},
  booktitle={Federal Reserve Bank of San Francisco},
  volume={32},
  year={2015}
}

@article{sampson2019neighbourhood,
  title={Neighbourhood effects and beyond: Explaining the paradoxes of inequality in the changing American metropolis},
  author={Sampson, Robert J},
  journal={Urban Studies},
  volume={56},
  number={1},
  pages={3--32},
  year={2019},
  publisher={SAGE Publications Sage UK: London, England}
}

@book{sharkey2018uneasy,
  title={Uneasy peace: The great crime decline, the renewal of city life, and the next war on violence},
  author={Sharkey, Patrick},
  year={2018},
  publisher={WW Norton \& Company}
}