
@online{MTC,
  author = {The-Metropolitan-Transportation-Commission},
  title = {Homepage},
  url = {https://mtc.ca.gov/},
  urldate = {2019-04-14}
}

@online{ABAG,
  author = {The-Association-of-Bay-Area-Governments},
  title = {Homepage},
  url = {https://www.abag.ca.gov/},
  urldate = {2019-04-14}
}

@online{ABAG2013plan,
  author = {ABAG and MTC},
  title = {Plan Bay Area 2040},
  year={2013},
  url = {https://www.planbayarea.org/},
  urldate = {2019-04-14}
}

@book{mckenzie2015drives,
  title={Who Drives to Work?: Commuting by Automobile in the United States: 2013},
  author={McKenzie, Brian},
  year={2015},
  publisher={US Department of Commerce, Economics and Statistics Administration, US~â€¦},
  url = {http://large.stanford.edu.proxy.lib.pdx.edu/courses/2016/ph240/tran1/docs/acs-32.pdf}
}

@online{TOAH,
  author = {The-Bay-Area-Transit-Oriented-Affordable-Housing},
  title = {Homepage},
  url = {http://www.bayareatod.com/},
  urldate = {2019-04-14}
}

@online{CMC,
  author = {Vital-Signs},
  title = {Commute Mode Choice},
  url = {http://www.vitalsigns.mtc.ca.gov/commute-mode-choice},
  urldate = {2019-04-14}
}

@online{USCB,
  author = {The-United-States-Census-Bureau},
  title = {factfinder},
  url = {https://factfinder.census.gov/},
  urldate = {2019-04-14}
}

@article{pierce2013getting,
  title={Getting the prices right: an evaluation of pricing parking by demand in San Francisco},
  author={Pierce, Gregory and Shoup, Donald},
  journal={Journal of the American Planning Association},
  volume={79},
  number={1},
  pages={67--81},
  year={2013},
  publisher={Taylor \& Francis}
}

@book{shoup2018parking,
  title={Parking and the City},
  author={Shoup, Donald},
  year={2018},
  publisher={Routledge}
}

@article{inci2015review,
  title={A review of the economics of parking},
  author={Inci, Eren},
  journal={Economics of Transportation},
  volume={4},
  number={1-2},
  pages={50--63},
  year={2015},
  publisher={Elsevier}
}

@article{grengs2010intermetropolitan,
  title={Intermetropolitan comparison of transportation accessibility: Sorting out mobility and proximity in San Francisco and Washington, DC},
  author={Grengs, Joe and Levine, Jonathan and Shen, Qing and Shen, Qingyun},
  journal={Journal of Planning Education and Research},
  volume={29},
  number={4},
  pages={427--443},
  year={2010},
  publisher={SAGE Publications Sage CA: Los Angeles, CA}
}