@article{milakis2017policy,
  title={Policy and society related implications of automated driving: A review of literature and directions for future research},
  author={Milakis, Dimitris and Van Arem, Bart and Van Wee, Bert},
  journal={Journal of Intelligent Transportation Systems},
  volume={21},
  number={4},
  pages={324--348},
  year={2017},
  publisher={Taylor \& Francis},
  doi={10.1080/15472450.2017.1291351}
}

@article{singleton2019discussing,
  title={Discussing the “positive utilities” of autonomous vehicles: will travellers really use their time productively?},
  author={Singleton, Patrick A},
  journal={Transport reviews},
  volume={39},
  number={1},
  pages={50--65},
  year={2019},
  publisher={Taylor \& Francis},
  doi={10.1080/01441647.2018.1470584}
}

@misc{milakis2019long,
  title={Long-term implications of automated vehicles: an introduction},
  author={Milakis, Dimitris},
  year={2019},
  publisher={Taylor \& Francis},
  doi={10.1080/01441647.2019.1545286}
}

@article{soteropoulos2019impacts,
  title={Impacts of automated vehicles on travel behaviour and land use: an international review of modelling studies},
  author={Soteropoulos, Aggelos and Berger, Martin and Ciari, Francesco},
  journal={Transport reviews},
  volume={39},
  number={1},
  pages={29--49},
  year={2019},
  publisher={Taylor \& Francis},
  doi={10.1080/01441647.2018.1523253}
}

@article{gandia2019autonomous,
  title={Autonomous vehicles: scientometric and bibliometric review},
  author={Gandia, Rodrigo Mar{\c{c}}al and Antonialli, Fabio and Cavazza, Bruna Habib and Neto, Arthur Miranda and Lima, Danilo Alves de and Sugano, Joel Yutaka and Nicolai, Isabelle and Zambalde, Andre Luiz},
  journal={Transport reviews},
  volume={39},
  number={1},
  pages={9--28},
  year={2019},
  publisher={Taylor \& Francis},
  doi={10.1080/01441647.2018.1518937}
}

@article{hawkins2019integrated,
  title={Integrated models of land use and transportation for the autonomous vehicle revolution},
  author={Hawkins, Jason and Nurul Habib, Khandker},
  journal={Transport reviews},
  volume={39},
  number={1},
  pages={66--83},
  year={2019},
  publisher={Taylor \& Francis},
  doi={10.1080/01441647.2018.1449033}
}

@article{legacy2019planning,
  title={Planning the driverless city},
  author={Legacy, Crystal and Ashmore, David and Scheurer, Jan and Stone, John and Curtis, Carey},
  journal={Transport reviews},
  volume={39},
  number={1},
  pages={84--102},
  year={2019},
  publisher={Taylor \& Francis},
  doi={10.1080/01441647.2018.1466835}
}

@article{docherty2018governance,
  title={The governance of smart mobility},
  author={Docherty, Iain and Marsden, Greg and Anable, Jillian},
  journal={Transportation Research Part A: Policy and Practice},
  volume={115},
  pages={114--125},
  year={2018},
  publisher={Elsevier},
  doi={10.1016/j.tra.2017.09.012}
}

@techreport{sae2018taxonomy,
  author = {SAE},
  title = {Taxonomy and definitions for terms related to driving automation systems for on-road motor vehicles},
  series = {J3016},
  publisher = {SAE International},
  year = {2018}
}

@online{NCSL2019AV,
  author = {NCSL},
  title = {Autonomous Vehicles | Self-Driving Vehicles Enacted Legislation},
  url = {http://www.ncsl.org/research/transportation/autonomous-vehicles-self-driving-vehicles-enacted-legislation.aspx},
  urldate = {2019-03-19},
  year={2019},
  publisher={National Conference of State Legislatures}
}

@online{NHTSA2019ADS,
  author = {NHTSA},
  title = {Automated Driving Systems},
  url = {https://www.nhtsa.gov/vehicle-manufacturers/automated-driving-systems},
  urldate = {2019-05-27},
  year={2019},
  publisher={National Highway and Transportation Safety Administration}
}

@article{wegener2004land,
  title={Land-use transport interaction: state of the art},
  author={Wegener, Michael and F{\"u}rst, Franz},
  journal={Available at SSRN 1434678},
  year={2004},
  doi={10.2139/ssrn.1434678}
}

@book{levinson2018metropolitan,
  title={Metropolitan land use and transport: Planning for Place and Plexus},
  author={Levinson, David M and Krizek, Kevin J},
  year={2018},
  publisher={Routledge},
  doi={10.4324/9781315684482}
}

@incollection{Muller2017transportation,
	title = {Transportation and urban form},
	isbn = {978-1-4625-2967-4},
	url = {https://books.google.com/books?id=J3GnDQAAQBAJ},
	booktitle = {The {Geography} of {Urban} {Transportation}, {Fourth} {Edition}},
	publisher = {Guilford Publications},
	author = {Muller, Peter O.},
	editor = {Giuliano, G. and Hanson, S.},
	pages = {57--85},
	year = {2017}
}

@article{thunen1826isolierte,
  title={Der isolierte Staat},
  author={Th{\"u}nen, JH von},
  journal={Beziehung auf Landwirtschaft und National{\"o}konomie},
  year={1826}
}

@incollection{burgess2008growth,
  title={The growth of the city: an introduction to a research project},
  author={Burgess, Ernest W},
  booktitle={Urban ecology},
  pages={71--78},
  year={2008},
  publisher={Springer}
}

@book{christaller1933zentralen,
  title={Die zentralen Orte in S{\"u}ddeutschland: eine {\"o}konomisch-geographische Untersuchung {\"u}ber die Gesetzm{\"a}ssigkeit der Verbreitung und Entwicklung der Siedlungen mit st{\"a}dtischen Funktionen},
  author={Christaller, Walter},
  year={1933},
  publisher={University Microfilms}
}

@article{kondratieff1926langen,
  title={Die langen Wellen der Konjunktur. Archiv fuer Sozialwissenschaft und Sozialpolitik.},
  author={Kondratieff, ND},
  journal={Tuebingen},
  volume={56},
  number={3},
  pages={537},
  year={1926}
}

@book{schumpeter1939business,
  title={Business cycles: a theoretical, historical, and statistical analysis of the capitalist process},
  author={Schumpeter, Joseph Alois},
  year={1939},
  publisher={McGraw-Hill New York}
}

@article{alonso1964location,
  title={Location and land use. Toward a general theory of land rent.},
  author={Alonso, William and others},
  journal={Location and land use. Toward a general theory of land rent.},
  year={1964},
  publisher={Cambridge, Mass.: Harvard Univ. Pr.}
}

@book{pred1966spatial,
  title={The spatial dynamics of US urban-industrial growth, 1800-1914: interpretive and theoretical essays},
  author={Pred, Allan Richard},
  year={1966},
  publisher={MIT press}
}

@techreport{zahavi1981umot,
  title={The UMOT/urban interactions},
  author={Zahavi, Yacov and Beckmann, Martin J and Golob, Thomas F},
  year={1981}
}

@article{van1982urban,
  title={Urban Europe: A study of growth and decline},
  author={Van den Berg, Leo and Drewett, Roy and Klaasen, Leo H and Rossi, Angelo and Vijverberg, Cornelis HT},
  year={1982},
  publisher={Elmsford NY/Oxford England Pergamon Press 1982.}
}

@article{downes1985urban,
  title={Urban Travel Modelling with Flexible Travel Budgets},
  author={Downes, JD and Emmerson, P},
  journal={Crowthorne: Transport and Road Research Laboratory},
  year={1985}
}

@article{tiebout1956pure,
  title={A pure theory of local expenditures},
  author={Tiebout, Charles M},
  journal={Journal of political economy},
  volume={64},
  number={5},
  pages={416--424},
  year={1956},
  publisher={The University Press of Chicago},
  doi={10.1086/257839}
}

@article{hagerstrand1970people,
  title={What about people in spatial science},
  author={Hagerstrand, T},
  journal={Regional Science Association},
  volume={24},
  pages={7--21},
  year={1970}
}

@article{schelling1971dynamic,
  title={Dynamic models of segregation},
  author={Schelling, Thomas C},
  journal={Journal of mathematical sociology},
  volume={1},
  number={2},
  pages={143--186},
  year={1971},
  publisher={Taylor \& Francis}
}

@book{vadali2018guidebook,
  title={Guidebook to Funding Transportation Through Land Value Return and Recycling},
  author={Vadali, Sharada and Zmud, Johanna and Carlson, Todd and DeMoors, Karin and Rybeck, Rick and Fitzroy, Steven and Stein, Naomi and Sieber, Mark},
  number={Project 19-13},
  year={2018},
  doi={10.17226/25110}
}

@article{taiebat2018review,
  title={A review on energy, environmental, and sustainability implications of connected and automated vehicles},
  author={Taiebat, Morteza and Brown, Austin L and Safford, Hannah R and Qu, Shen and Xu, Ming},
  journal={Environmental science \& technology},
  volume={52},
  number={20},
  pages={11449--11465},
  year={2018},
  publisher={ACS Publications},
  doi={10.1021/acs.est.8b00127}
}

@report{APA2018autonomous,
  author = {Crute, Jeremy and Riggs, William and Chapin, Timothy Stewart and Stevens, Lindsay},
  title = {Planning for Autonomous Mobility},
  isbn = {978-1-61190-200-6 978-3-7913-6499-5},
  series = {{PAS} Report 592},
  publisher = {American Planning Association},
  year = {2018}
}

@article{fagnant2015preparing,
  title={Preparing a nation for autonomous vehicles: opportunities, barriers and policy recommendations},
  author={Fagnant, Daniel J and Kockelman, Kara},
  journal={Transportation Research Part A: Policy and Practice},
  volume={77},
  pages={167--181},
  year={2015},
  publisher={Elsevier}
}

@book{castells2011rise,
  title={The rise of the network society},
  author={Castells, Manuel},
  volume={12},
  year={2011},
  publisher={John wiley \& sons}
}

@report{barrett2019green,
  title={Green light: next generation road user charging for a healthier, more liveable, London},
  author={Barrett, S and Wedderburn, M and Belcher, E},
  year={2019},
	url = {www.centreforlondon.org/publication/road-user-charging/}
}


@report{hand2016mobility_LA,
	title = {Urban Mobility in a Digital Age - A Transportation Technology Strategy for Los Angeles},
	author = {Hand, Ashley Z},
	year={2016},
	url = {www.urbanmobilityla.com/}
}

@report{SDOT2017mobility_Sea,
  title={New Mobility Playbook},
  author={SDOT},
  year={2017},
  publisher = {Seattle Department of Transportation},
	url = {newmobilityseattle.info/}
}

@book{zmud2018updating,
	location = {Washington, D.C.},
	title = {Updating Regional Transportation Planning and Modeling Tools to Address Impacts of Connected and Automated Vehicles, Volume 2: Guidance},
	isbn = {978-0-309-47998-1},
	url = {https://www.nap.edu/catalog/25332},
	shorttitle = {Updating Regional Transportation Planning and Modeling Tools to Address Impacts of Connected and Automated Vehicles, Volume 2},
	publisher = {Transportation Research Board},
	author = {Zmud, Johanna and Williams, Tom and Outwater, Maren and Bradley, Mark and Kalra, Nidhi and Row, Shelley and {National Cooperative Highway Research Program} and {Transportation Research Board} and {National Academies of Sciences, Engineering, and Medicine}},
	urldate = {2019-06-07},
	date = {2018-11-19},
	doi = {10.17226/25332}
}